@book{libro,
author = {Mi Madre},
title = {Algo importante},
publisher = {Cambridge University Press},
month = {abril},
year = 1999,month = {septiembre}
}

@article{art,
author = {Fulana Tal},
title = {Titulo del ardticulo},
journal = {Revista},
volume = 34,
number = 3,
month = apr,
year = 2015,
}


@misc{otra,
author = {Compañeros en Discord}},
title = {Conversacion en vivo durante clase},
}

@article{dra.schaeffer,
author = {Dra. Schaeffer}},
title = {Conversacion en vivo durante clase},
journal = {ninguna}
volume = {2}
number = {123}
month = {abril}
year = 2020
}

@misc{web.dra.practica1,
author = {Dra. Schaeffer}},
title = {Practica 1: movimiento browniano},
}

@misc{webdrausobasico,
author = {Dra. Schaeffer}},
title = {Uso basico de Python},
}






%CAMPOS
%address: la dirección de la editorial.
%author: nombre(s) del (de los) autor(es).
%booktitle: título del libro.
%chapter: número de capítulo.
%edition: edición del libro.
%editor: nombre(s) del (de los) editor(es).
%howpublished: forma en que fue publicada la obra.
%institution: institución responsable de un informe técnico.
%journal: nombre del periódico o revista.
%key: empleado para la alfabetización, referencias cruzadas y para crear una clave cuando la información del autor no está disponible.
%month: mes de publicación.
%note: cualquier información adicional que pueda ayudar al lector.
%number: número del periódico, revista, informe técnico o trabajo en una serie.
%organization: organización responsable de una conferencia o publicación de un manual.
%pages: números de páginas.
%publisher: nombre de la editorial.
%school: nombre de la universidad donde fue escrita una tesis.
%series: nombre de una serie o conjunto de libros.
%title: título del trabajo.
%type: tipo de un informe técnico.
%volume: volumen del periódico o revista, o de algún libro que conste de volúmenes.
%year: año de publicación.









%Entradas
%ARTICLE: artículo de un periódico o una revista.
%requeridos: author, title, journal, year.
%opcionales: volume, number, pages, month, note.
%BOOK: libro con una editorial explícita.
%requeridos: author o editor, title, publisher, year.
%opcionales: volume o number, series, address, edition, month, note.
%BOOKLET: trabajo impreso y distribuido, pero que no tiene una editorial o institución responsable.
%requeridos: title.
%opcionales: author, howpublished, address, month, year, note.
%INBOOK: parte de un libro, como un capítulo, una sección, un rango de páginas, etc.
%requeridos: author o editor, title, chapter o pages, publisher, year.
%opcionales: volume o number, series, type, address, edition, month, note.
%INCOLLECTION: parte de un libro con título propio.
%requeridos: author, title, booktitle, publisher, year.
%opcionales: editor, volume o number, series, type, chapter, pages, address, edition, month, note.
%INPROCEEDINGS: artículo de las memorias de un congreso.
%requeridos: author, title, booktitle, year.
%opcionales: editor, volume o number, series, pages, address, month, organization, publisher, note.
%MANUAL: documentación técnica.
%requeridos: title.
%opcionales: author, organization, address, edition, month, year, note.
%MASTERSTHESIS: tesis de maestría.
%requeridos: author, title, school, year.
%opcionales: type, address, month, note.
%MISC: misceláneo (o cuando ninguna otra entrada coincide).
%requeridos: Ninguno.
%opcionales: author, title, howpublished, month, year, note.
%PHDTHESIS: tesis de doctorado.
%requeridos: author, title, school, year.
%opcionales: type, address, month, note.
%PROCEEDINGS: memorias de un congreso.
%requeridos: title, year.
%opcionales: editor, volume o number, series, address, month, organization, publisher, note.
%TECHREPORT: informe publicado por una institución.
%requeridos: author, title, institution, year.
%opcionales: type, number, address, month, note.
%UNPUBLISHED: documento (con un autor y un título) no publicado.
%requeridos: author, title, note.
%opcionales: month, year
