
@misc{DRA.P6,
author = {Schaeffer, Elisa},
title = {Pr\'{a}ctica 6: sistema multiagente},
note = "\url{https://elisa.dyndns-web.com/teaching/comp/par/p6.html}",
year = 2020,
month= {Oct}
}

@misc{DRA.Code,
author = {Schaeffer, Elisa},
title = {SIR.py},
note = "\url{https://github.com/satuelisa/Simulation/blob/master/MultiAgent/SIR.py}",
year = 2020,
month= {Oct}
}

@misc{VO-P6,
author = {Oviedo, Victor},
title = {Pr\'{a}ctica 6: sistema multiagente},
note = "\url{https://github.com/Elitemaster97/Simulacion/blob/master/Tarea6/Tarea6.pdf}",
year = 2020,
month= {Oct}
}


@article{Cox,
title = "The Vulnerable Can Wait. Vaccinate the Super-Spreaders First",
year=2020,
url = "https://www.wired.com/story/covid-19-vaccine-super-spreaders/",
author = "Christopher Cox"
}

@article{Korea,
title = "TAgent-Based Modeling for Super-Spreading Events: A Case Study of MERS-CoV Transmission Dynamics in the Republic of Korea",
year=2018,
url = "https://www.wired.com/story/covid-19-vaccine-super-spreaders/",
author = "Yunhwan Kim and Hohyung Ryu and Sunmi Lee"
}

@article{Malkov,
title = "Simulation of coronavirus disease 2019 (COVID-19) scenarios with possibility of reinfection",
year=2019,
url = "https://doi.org/10.1016/j.chaos.2020.110296",
author = "Egor Malkov"
}

@Manual{Python,
title = {Python: general-purpose programming language},
author = {{Guido van Rossum}},
organization = {Python Software Foundation},
year = {2020},
url = {https://www.python.org}
}


@article{Doshi,
title = "The elusive definition of pandemic influenza",
year = 2011,
url = "https://who.int/bulletin/volumes/89/7/11-088815/en/",
author = "Doshi P"
}

@inbook{MuAg,
author = {Parasumanna Gokulan, Balaji and Srinivasan, D.},
year = {2010},
month = {07},
pages = {1-27},
title = {An Introduction to Multi-Agent Systems},
volume = {310},
isbn = {978-3-642-14434-9},
journal = {Studies in Computational Intelligence}
}

@article{SS,
title = "Whatâ€™s a coronavirus superspreader?",
year = 2020,
url = "https://www.technologyreview.com/2020/06/15/1003576/whats-a-coronavirus-superspreader/",
author = "Neel V. Patel"
}
