

@misc{CONV,
author = {Compañeros en Discord},
title = {Conversaci\'{o}n en vivo durante clase},
year = 2020
}

@misc{DRA.CONV,
author = {Schaeffer, Elisa},
title = {Conversaci\'{o}n en vivo durante clase},
year = 2020
}

@misc{DRA.P7,
author = {Schaeffer, Elisa},
title = {Pr\'{a}ctica 7: b\'{u}squeda local},
note = "\url{https://elisa.dyndns-web.com/teaching/comp/par/p7.html}",
year = 2020,
month= {Oct}
}

@misc{DRA.Medicion,
author = {Schaeffer, Elisa},
title = {Medici\'{o}n de desempeño computacional en Python},
note = "\url{https://elisa.dyndns-web.com/teaching/comp/par/medicion/Python.html}",
year = 2020,
month= {Oct}
}

@misc{DRA.Computo,
author = {Schaeffer, Elisa},
title = {C\'{o}mputo paralelo en Python},
note = "\url{https://elisa.dyndns-web.com/teaching/comp/par/paralelo/Python.html}",
year = 2020,
month= {Oct}
}

@misc{DRA.COM.USOBASICO,
author = {Schaeffer, Elisa},
title = {Uso b\'{a}sico de Python},
note = "\url{https://elisa.dyndns-web.com/teaching/comp/par/tutorial/Python.html}",
year = 2020,
month= {Oct}
}

@manual{manual.python,
author = {Tobias Oetiker},
title = {The Not So Short Introduction to LATEX},
edition = {6.3},
month = {March},
year = 2018
}

@misc{DRA.Code,
author = {Schaeffer, Elisa},
title = {replicas.py},
note = "\url{https://github.com/satuelisa/Simulation/blob/master/LocalSearch/replicas.py}",
year = 2020,
month= {Oct}
}

@misc{DRA.Code2,
author = {Schaeffer, Elisa},
title = {minimize1D.py},
note = "\url{https://github.com/satuelisa/Simulation/blob/master/LocalSearch/minimize1D.py}",
year = 2020,
month= {Oct}
}
