
@misc{CONV,
author = {Compañeros en Discord},
title = {Conversaci\'{o}n en vivo durante clase},
year = 2020
}

@misc{DRA.CONV,
author = {Schaeffer, Elisa},
title = {Conversaci\'{o}n en vivo durante clase},
year = 2020
}

@misc{DRA.P12,
author = {Schaeffer, Elisa},
title = {Pr\'{a}ctica 12: Red Neuronal},
note = "\url{https://elisa.dyndns-web.com/teaching/comp/par/p12.html}",
year = 2020,
month= {Dic}
}


@misc{DRA.Medicion,
author = {Schaeffer, Elisa},
title = {Medici\'{o}n de desempeño computacional en Python},
note = "\url{https://elisa.dyndns-web.com/teaching/comp/par/medicion/Python.html}",
year = 2020,
month= {Dic}
}

@misc{DRA.Computo,
author = {Schaeffer, Elisa},
title = {C\'{o}mputo paralelo en Python},
note = "\url{https://elisa.dyndns-web.com/teaching/comp/par/paralelo/Python.html}",
year = 2020,
month= {Dic}
}

@misc{DRA.COM.USOBASICO,
author = {Schaeffer, Elisa},
title = {Uso b\'{a}sico de Python},
note = "\url{https://elisa.dyndns-web.com/teaching/comp/par/tutorial/Python.html}",
year = 2020,
month= {Dic}
}

@manual{manual.python,
author = {Tobias Oetiker},
title = {The Not So Short Introduction to LATEX},
edition = {6.3},
month = {March},
year = 2018
}

@misc{DRA.Code,
author = {Schaeffer, Elisa},
title = {ann.py},
note = "\url{https://github.com/satuelisa/Simulation/blob/master/NeuralNetwork/ann.py}",
year = 2020,
month= {Dic}
}
