

@misc{CONV,
author = {Compa√±eros en Discord},
title = {Conversaci\'{o}n en vivo durante clase},
year = 2020
}

@misc{DRA.CONV,
author = {Schaeffer, Elisa},
title = {Conversaci\'{o}n en vivo durante clase},
year = 2020
}

@misc{DRA.P2,
author = {Schaeffer, Elisa},
title = {Pr\'{a}ctica 2: Aut\'{o}mata celular},
note = "\url{https://elisa.dyndns-web.com/teaching/comp/par/p2.html}",
year = 2020,
month= {Sep}
}

@misc{DRA.COM.USOBASICO,
author = {Schaeffer, Elisa},
title = {Uso b\'{a}sico de Python},
note = "\url{https://elisa.dyndns-web.com/teaching/comp/par/tutorial/Python.html}",
year = 2020,
month= {Sep}
}

@manual{manual.python,
author = {Tobias Oetiker},
title = {The Not So Short Introduction to LATEX},
edition = {6.3},
month = {March},
year = 2018
}


@misc{matplotlib,
author = {Matplotlib},
title = {matplotlib.pyplot.imshow},
note = "\url{https://matplotlib.org/api/_as_gen/matplotlib.pyplot.imshow.html}",
year = 2020,
month= {Sep}
}

@misc{AutoCelular,
author = {Eirc Weisstein},
title = {Cellular Automaton},
note = "\url{https://mathworld.wolfram.com/CellularAutomaton.html}",
year = 2020
}

@misc{JVida,
author = {Eirc Weisstein},
title = {Game of Life},
note = "\url{https://mathworld.wolfram.com/GameofLife.html}",
year = 2020
}

@misc{Grange,
author = {PYnative},
title = {Generate range for float numbers in Python},
note = "\url{https://pynative.com/python-range-for-float-numbers/}",
year = 2020
}

@misc{Ejem,
author = {Schaeffer, Elisa},
title = {gameOfLife.py},
note = "\url{https://github.com/satuelisa/Simulation/blob/master/CellularAutomata/gameOfLife.py}",
year = 2020
}
